@book{Devroye1996ARecognition,
    title = {{A probabilistic theory of pattern recognition}},
    year = {1996},
    author = {Devroye, Luc. and Györfi, László. and Lugosi, Gábor. and Gy�orfi, L�aszl�o. and Lugosi, G�abor.},
    pages = {636},
    publisher = {Springer},
    url = {https://en.wikipedia.org/wiki/Bayes_classifier},
    isbn = {0387946187}
}

@techreport{JordanANAcknowledgments,
    title = {{AN INTRODUCTION TO GRAPHICAL MODELS Acknowledgments}},
    author = {Jordan, Michael I},
    url = {http:::www.ai.mit.eduuprojectssjordan.html}
}

@article{Baker2007InvestorMarket,
    title = {{Investor Sentiment in the Stock Market}},
    year = {2007},
    journal = {Journal of Economic Perspectives},
    author = {Baker, Malcolm and Wurgler, Jeffrey},
    number = {2},
    month = {4},
    pages = {129--151},
    volume = {21},
    url = {http://pubs.aeaweb.org/doi/10.1257/jep.21.2.129},
    doi = {10.1257/jep.21.2.129},
    issn = {0895-3309}
}

@article{Robin2012ModelingBehavior,
    title = {{Modeling investor behavior}},
    year = {2012},
    journal = {Journal of Choice Modelling},
    author = {Robin, Thomas and Bierlaire, Michel},
    number = {2},
    month = {1},
    pages = {98--130},
    volume = {5},
    publisher = {Elsevier},
    url = {https://www.sciencedirect.com/science/article/pii/S175553451370054X},
    doi = {10.1016/S1755-5345(13)70054-X},
    issn = {1755-5345}
}

@book{Koller2009ProbabilisticTechniques,
    title = {{Probabilistic graphical models : principles and techniques}},
    year = {2009},
    author = {Koller, Daphne. and Friedman, Nir.},
    pages = {1233},
    publisher = {MIT Press},
    url = {https://mitpress.mit.edu/books/probabilistic-graphical-models},
    isbn = {9780262013192}
}

@techreport{Bishop2001SIGGRAPHFilter,
    title = {{SIGGRAPH 2001 Course 8 An Introduction to the Kalman Filter}},
    year = {2001},
    author = {Bishop, Gary and Welch, Greg},
    url = {http://www.cs.unc.edu/~{welch,gb}}
}

@techreport{MonacoTheDynamics,
    title = {{The Partially Observable Hidden Markov Model and its Application to Keystroke Dynamics}},
    author = {Monaco, John V and Tappert, Charles C},
    url = {https://github.com/vmonaco/pohmm},
    arxivId = {arXiv:1607.03854v7},
    keywords = {anomaly detection, behavioral biometrics, hidden Markov model, keystroke biometrics, time intervals}
}